@Booklet{CMS-PAS-TOP-19-002,
    author         = "{CMS Collaboration}",
    title          = "{Search for flavor-changing neutral current interactions of the top quark and the Higgs boson decaying to a bottom quark-antiquark pair at $\sqrt{s}$=13 TeV}",
    howpublished   = "{CMS-PAS-TOP-19-002}",
    url            = "https://cds.cern.ch/record/2776985",
    year           = "2019",
}

@Booklet{CMS-PAS-TOP-20-007,
    author         = "{CMS Collaboration}",
    title          = "{Search for flavor-changing neutral current interactions of the top quark and the Higgs boson in the diphoton decay channel in proton-proton collisions at $\sqrt{s}$=13 TeV}",
    howpublished   = "{CMS-PAS-TOP-20-007}",
    url            = "https://cds.cern.ch/record/2771683",
    year           = "2020",
}

@Booklet{ANA-TOPQ-2018-41-INT1,
    author         = "{ATLAS Collaboration}",
    title          = "{Search for Flavour-Changing Neutral Current couplings between the top-quark and the Higgs boson in the $H\rightarrow b\bar b$ decay channel with the ATLAS detector at the LHC}",
    howpublished   = "{ANA-TOPQ-2018-41-INT1}",
    url            = "https://cds.cern.ch/record/2645330",
    year           = "2018",
}
